@Article{ HHS+09b,
	volume = "3",
	year = "2009",
	journal = "Frontiers in Neuroinformatics",
	title = "PyMVPA: A Unifying Approach to the Analysis of Neuroscientific Data.",
	pages = "3",
	author = "Michael Hanke and Yaroslav O. Halchenko and Per B. Sederberg and Emanuele Olivetti and Ingo Fründ and Jochem W. Rieger and Christoph S. Herrmann and James V. Haxby and Stephen José Hanson and Stefan Pollmann",
	doi = "10.3389/neuro.11.003.2009",
}


